2904 3653
1415 378 1452 422 m

245 511 692 576 macroparalecton
736 509 798 559 de
840 525 934 575 quo
989 515 1039 558 et
1075 508 1310 558 similibus
1348 509 1450 558 dixi
1492 510 1540 558 in
1576 508 1780 560 Elemm.
1800 510 1913 559 292.
1948 507 2336 577 Monosyllabum
2370 512 2442 572 Δί,
2487 516 2614 577 quod

245 606 439 664 praeter
473 598 731 649 Pindarum
765 604 910 648 vetus
947 597 1214 665 epigraphe
1252 596 1420 648 dorica
1454 598 1679 660 exhibet,
1733 599 1828 648 hoc
1863 599 2119 650 notabilius
2154 608 2256 663 est,
2309 601 2434 667 quod
2468 603 2616 668 vulgo

246 687 401 736 nullus
439 687 634 738 dativus
669 688 1036 754 monosyllabus
1071 692 1234 747 extat,
1270 687 1365 738 sed
1402 688 1560 738 erasis
1597 689 1857 739 manifesta
1892 706 1984 738 nou
2021 690 2174 739 solum
2210 691 2257 740 in
2294 692 2496 758 simplici
2530 691 2615 740 illo

246 775 336 826 sed
374 777 519 827 etiam
563 778 610 827 in
647 776 916 843 composito
951 777 1135 842 Δίφιλος·
1165 776 1392 844 Diphilus
1414 777 1481 839 *).
1552 778 1680 828 Huic
1715 778 1872 830 simile
1908 781 2148 844 Διιτρεφής
2191 796 2252 831 ne
2288 796 2391 831 cum
2425 781 2614 847 integro

243 864 313 914 Διΐ
350 867 667 934 compositum
713 865 969 918 credamus
1016 866 1236 935 prohibet
1291 873 1524 917 constans
1578 867 1801 934 syllabae
1855 869 2104 919 secundae
2168 870 2420 936 productio
2479 888 2614 937 quam

242 958 454 1006 nonnulli
493 959 791 1025 diphthongo
828 958 1103 1022 significant
1138 958 1407 1024 Διειτρέφης
1438 958 1728 1008 scribentes.
1799 958 1904 1008 Uno
1942 959 2083 1009 modo
2119 960 2343 1010 scribitur
2358 961 2467 1017 Χῖος
2498 978 2615 1027 gen-

241 1047 440 1096 tilicium
493 1057 543 1097 et
584 1052 682 1104 δῖος
719 1065 933 1112 quoque,
970 1049 1065 1097 nisi
1102 1047 1210 1113 quis
1253 1047 1482 1098 restricte
1515 1045 1760 1098 Jovialem
1806 1047 2085 1112 siguificare
2126 1051 2224 1121 vult
2260 1069 2305 1099 v.
2343 1051 2517 1103 l'arall.
2552 1052 2615 1101 23

241 1135 357 1186 item
396 1137 728 1187 deminutivum
763 1136 937 1199 κρίδιον
973 1140 1115 1203 cujus
1150 1138 1310 1189 erasis
1346 1137 1596 1188 delitescit
1629 1136 1740 1203 quia
1784 1136 1940 1204 ipsum
1973 1136 2256 1204 primitivum
2292 1141 2392 1189 iota
2426 1140 2613 1206 longum

241 1226 406 1277 habet.
477 1228 717 1278 Sermonis
752 1227 905 1294 prisci
940 1228 1172 1279 licentiae
1209 1227 1502 1280 tribuendum
1541 1235 1620 1278 est
1655 1228 1877 1285 παλίωξις
1905 1233 2001 1276 tum
2038 1228 2099 1276 ob
2135 1229 2260 1278 alias
2295 1245 2491 1289 causaS,
2527 1240 2617 1278 tum

240 1325 443 1383 propter
477 1319 664 1382 longum
701 1317 734 1376 ἶ,
770 1316 898 1382 quod
934 1315 1050 1368 ΕΜ.
1088 1317 1215 1369 crasi
1252 1321 1342 1367 τῶν
1376 1316 1463 1367 δύο
1497 1318 1532 1372 sa
1567 1318 1790 1369 effectum
1827 1316 1959 1367 dicit„
2028 1317 2142 1367 Nec
2169 1317 2316 1369 facile
2345 1321 2617 1369 Hermanno

244 1410 577 1457 concesserim
618 1412 790 1472 Agam.
824 1410 926 1458 968
971 1409 1093 1470 ὒγιία
1136 1407 1386 1466 inferenti,
1443 1406 1513 1458 de
1571 1424 1683 1473 quo
1730 1406 2019 1458 dubitare
2064 1422 2175 1457 non
2221 1407 2426 1459 sinunt
2469 1409 2619 1472 ἱεριά

245 1504 301 1545 et
347 1505 436 1545 tot
485 1500 606 1545 alia
650 1505 956 1564 utramque
1009 1499 1255 1546 formam
1310 1496 1618 1546 habentia.
1688 1496 1757 1545 At
1792 1496 1915 1546 enim
1956 1512 2077 1546 vero
2113 1496 2275 1547 horum
2314 1497 2485 1547 nullum
2520 1479 2619 1548 iota

245 1586 342 1636 duo
379 1589 629 1654 constipat.
708 1588 847 1645 Ἰίζειν
892 1596 941 1639 et
985 1588 1030 1637 si
1076 1587 1189 1653 quid
1233 1587 1388 1638 simile
1437 1586 1698 1653 obstrepit,
1752 1586 1953 1637 novitati
1996 1593 2241 1637 auctorum
2276 1585 2619 1638 condonamus.

244 1678 453 1733 Μελίινος
484 1694 511 1726 e
550 1679 659 1726 vitio
696 1686 857 1729 natum
892 1695 1012 1730 esse
1050 1677 1247 1728 ostendi
1287 1678 1335 1726 in
1372 1678 1567 1727 Elemm.
1591 1677 1703 1727 283.
1749 1678 1792 1725 A
1833 1677 2066 1726 similibus
2100 1679 2316 1727 arborum
2356 1678 2617 1727 nominibus

243 1767 374 1829 ἀρία,
406 1768 559 1829 μορία,
592 1768 732 1832 φολία
766 1769 898 1819 nulla
933 1768 1169 1819 ducuntur
1204 1767 1562 1828 metusiastica;
1598 1784 1627 1816 a
1651 1767 1858 1816 λευκόιον
1892 1766 2101 1817 debehat
2134 1768 2393 1827 λευκοίινος,
2427 1767 2523 1817 sed
2557 1783 2617 1816 ne

245 1854 342 1906 duo
380 1858 415 1910 Ξῖ
450 1863 793 1908 concurrerent
826 1855 1028 1909 alterum
1065 1858 1287 1909 excisum
1324 1863 1427 1919 est,
1478 1858 1731 1919 λευκάὶνος,
1782 1856 2006 1922 idemque
2041 1856 2317 1907 sumendum
2367 1847 2508 1907 esset
2557 1858 2618 1907 de

243 1946 549 1996 deminutivis
596 1948 829 1998 nominum
879 1948 927 1998 in
972 1948 1019 2013 ἶξ
1055 1948 1330 1998 exeuntium
1363 1947 1542 2011 ὀφίόιον
1588 1952 1684 1996 etc.
1727 1945 1772 1996 si
1814 1952 2064 1997 constaret
2102 1962 2164 1997 ea
2202 1947 2617 2014 antepenultimam

242 2038 443 2088 brevem
480 2040 680 2101 habere3
734 2040 810 2089 sin
845 2035 1148 2106 producitur,
1201 2038 1361 2089 erasis
1406 2040 1541 2088 facta
1584 2043 1665 2087 est
1707 2041 1797 2085 τῶν
1839 2037 1925 2085 δύο
1968 2039 2005 2091 [i
2047 2044 2096 2086 ut
2137 2037 2185 2087 iu
2230 2037 2389 2087 vicino
2432 2053 2617 2104 genere

241 2128 425 2194 βίβλων
465 2130 708 2194 βιβλίδιον,
745 2131 921 2191 ἱμάτιον
944 2129 1205 2191 ἱματίδιον,
1249 2129 1341 2178 sed
1380 2128 1689 2193 obsequimur
1724 2127 2059 2176 Grammaticis
2096 2127 2438 2193 diphthongum
2473 2144 2618 2193 prae-

243 2217 572 2269 scribentibus
606 2220 821 2283 ὀφείδιον,
859 2220 1088 2268 πολείδιον
1125 2226 1214 2269 etc.
1255 2218 1602 2268 v.Pr011.394.
1661 2219 1710 2266 lu
1747 2217 2084 2266 vocabulorum
2121 2218 2250 2267 flexu
2286 2217 2402 2266 nihil
2438 2217 2615 2283 depre-

242 2305 522 2369 hendimus,
575 2309 698 2374 quod
752 2309 955 2374 regulae
1009 2309 1296 2358 contrarium
1345 2308 1441 2358 dici
1495 2310 1681 2374 possit,
1733 2316 1927 2375 praeter
1970 2309 2158 2357 Dianae
2202 2308 2451 2373 epitheton
2504 2310 2615 2370 (τῇ)

238 2397 473 2464 Ἀρχηγὲτι
525 2414 596 2465 ap.
635 2399 885 2465 Aristoph.
939 2398 1066 2464 quod
1119 2397 1181 2446 ad
1228 2398 1338 2447 Phr.
1373 2398 1487 2449 429.
1541 2398 1804 2464 exsignavi
1838 2398 2110 2463 analogiam
2163 2397 2458 2463 desperaus3
2511 2411 2614 2444 nam

242 2506 368 2556 quae
404 2490 696 2556 interpretes
730 2491 825 2541 huc
860 2489 1106 2541 advocant
1137 2492 1269 2555 μήτι,
1327 2491 1427 2539 Θέτι
1462 2507 1493 2540 a
1526 2490 1760 2556 genitivis
1803 2490 1935 2557 puris
1979 2488 2148 2554 quibus
2187 2485 2425 2537 Pindarus
2461 2484 2617 2545 utitur,

240 2581 399 2647 repeti
436 2588 645 2647 possunt
679 2589 726 2631 ut
762 2583 857 2646 νήνι
894 2583 1076 2631 Anacr.
1112 2581 1237 2646 quod
1273 2581 1518 2631 Arcadius
1542 2586 1634 2644 46,
1678 2584 1728 2629 ΙΙ
1772 2598 1875 2630 cum
1917 2581 2019 2628 θέτε
2055 2579 2257 2628 confert.
2312 2578 2370 2624 ln.
2401 2576 2616 2642 optativo

243 2672 513 2737 ἀποφθίμην
567 2678 617 2721 et
650 2675 780 2734 φθΐτο
823 2673 922 2721 iota
957 2670 1085 2721 modi
1130 2671 1270 2736 hujus
1307 2671 1751 2723 characteristicum
1805 2671 1894 2721 suh
1935 2668 2199 2732 thematico
2241 2668 2307 2716 ita
2350 2667 2450 2717 alte
2498 2666 2615 2715 deli-

244 2762 393 2811 tescit
437 2769 487 2811 ut
522 2777 753 2825 nunquam
805 2762 853 2809 in
896 2767 1214 2827 conspectum
1261 2760 1436 2808 veniat.
1504 2791 1547 2798 -
1605 2762 1774 2826 ltaque
1816 2776 1979 2810 sermo
2024 2758 2182 2807 civilis
2218 2765 2513 2822 quantopere
2556 2756 2616 2803 ab

247 2850 339 2900 hoc
376 2868 562 2916 genere
602 2850 841 2900 iotacismi
878 2851 1137 2901 abhorreat
1173 2866 1239 2899 ex
1275 2848 1606 2898 adverbiorum
1646 2850 1980 2898 imitativorum
2015 2847 2389 2896 conformatione
2424 2860 2615 2909 cogno-

251 2940 419 2998 scitur3
455 2958 560 2989 nam
598 2957 733 3005 quum
772 2940 927 2989 omnia
962 2941 1061 2989 iota
1096 2940 1142 2988 in
1180 2939 1444 3005 penultima
1477 2939 1684 2987 habeant
1718 2938 1922 2999 δωριστί,
1959 2937 2134 2985 λυδιστί
2156 2944 2249 2987 etc.
2287 2935 2432 3000 alpha
2464 2949 2614 2984 acce-

249 3037 417 3093 perunt
451 3030 581 3089 ἰαστί,
617 3019 785 3089 Azao-ri,
821 3028 992 3078 Χιαοτί.

385 3231 425 3280 ΙΙ“)
468 3226 590 3270 Plato
618 3229 775 3288 Cratyl.
816 3236 912 3277 399.
944 3234 1160 3292 Διΐφιλος
1195 3235 1267 3278 ἵνα
1305 3231 1401 3277 ἀντὶ
1437 3231 1632 3293 ῥήματος
1669 3232 1775 3283 (Δία
1807 3234 1966 3290 φιλῶν)
2001 3227 2139 3283 ὄνομα
2176 3225 2341 3284 γίνηται
2378 3226 2428 3270 τὸ
2468 3226 2616 3286 ἕτερον

249 3328 261 3352 ι
293 3305 516 3360 ἐέεἶλομεν
545 3313 623 3352 etc,
