2904 3653
1360 249 1402 297 9

205 384 400 451 proprio
449 381 695 432 consentit
735 380 1016 448 Stephanus
1058 380 1167 437 Κῶς
1208 381 1392 444 λέγεται
1426 381 1504 430 καὶ
1536 381 1687 437 Κώως
1717 381 1792 430 καὶ
1827 382 1969 438 Κόως
1999 381 2077 429 καὶ
2111 382 2233 438 Κόος
2261 384 2338 430 διὰ
2373 383 2453 438 δύο
2486 387 2552 440 HJ.

205 472 273 522 Et
309 489 413 523 cum
448 470 542 521 hoc
575 471 703 522 idem
727 470 1107 536 Ethnographus
1142 478 1384 537 comparat
1407 470 1553 527 Ἄθως
1583 469 1760 536 εζοηται
1795 470 1872 519 καὶ
1895 471 2055 527 ’Δθοος
2083 473 2151 527 ὡς
2180 471 2286 528 Κῶς
2315 472 2449 534 Κόος,
2481 475 2554 523 καὶ

208 564 325 611 κατὰ
359 562 617 624 συναίρεσιν
639 562 817 618 Ἅθους.
853 559 1135 627 Trisyllabo
1158 559 1319 617 ’Ἀθοσς
1346 559 1592 612 Arcadius
1625 560 1706 623 42,
1735 560 1796 609 13
1831 560 2027 627 apponit
2061 559 2201 611 ducis
2234 561 2434 613 Thracii
2468 577 2557 612 no-

207 669 314 702 men
350 652 517 714 Πιροσς
563 653 615 702 id
665 659 746 703 est:
794 651 992 713 Πεζοοος
1019 651 1311 717 Ἰμβρασίδης
1338 652 1393 702 11.
1429 652 1516 702 lv.
1553 652 1651 702 520
1697 651 1745 700 iu
1781 650 2014 718 principio
2059 667 2236 702 versus
2280 659 2328 702 et
2367 653 2565 715 Πειροος

207 744 337 806 ἥρως
370 743 443 803 ΙΙ.,
461 744 560 794 844
593 744 642 792 iu
678 741 837 803 exitu,
872 740 998 806 quod
1023 741 1245 808 Heyuius
1279 741 1373 793 hoc
1407 742 1519 793 loco
1553 741 1764 792 restituit
1796 758 1882 808 pro
1919 741 2117 807 vulgato
2153 741 2333 803 Πειρως
2363 749 2411 791 ut
2444 759 2559 794 sua-

207 835 341 894 vius,
393 850 485 883 uec
520 834 767 900 quisquam
800 832 1099 900 repugnavit.
1182 833 1260 882 De
1295 833 1350 881 11.
1384 832 1493 881 XX.
1530 833 1631 883 484
1664 832 1876 895 ἀμύμονα
1910 826 2093 894 Πειρεω
2128 832 2223 880 υἱόν
2257 831 2560 883 Aristonicus

209 923 390 973 iudicat
436 923 694 974 dubitatum
738 937 857 973 esse
890 922 1081 973 idemne
1116 924 1416 988 significetur
1449 921 1510 971 a'n
1544 924 1667 994 elius
1703 924 1924 989 ejusdem
1958 923 2149 989 gentis:
2184 923 2366 984 Πειρεω
2400 924 2565 984 ὁμοίως

211 1018 276 1076 τῷ
309 1013 543 1063 Μενέλεω·
595 1016 626 1077 ἡ
670 1013 761 1075 γὰρ
794 1012 957 1061 εὐθεῖά
991 1012 1088 1061 ἐστι
1122 1013 1342 1075 Πειρεως.
1377 1013 1429 1061 ἐν
1463 1012 1616 1068 ἄλλοις
1646 1013 1704 1061 δὲ
1736 1013 1932 1075 Πειροος
1961 1014 2144 1076 λέγεται
2180 1013 2256 1060 καὶ
2289 1013 2470 1076 Πείρως
2498 1040 2562 1048 —-

212 1104 381 1169 ἄδηλον
415 1105 473 1152 δὲ
507 1104 553 1151 εἷ
586 1106 666 1151 τοῦ
706 1103 883 1165 θρᾳκός
912 1102 1035 1150 ἐστιν
1068 1104 1100 1167 ἢ
1137 1103 1302 1164 ἑτέρου
1339 1103 1459 1159 τινὸς
1487 1103 1743 1165 ὁμωνύμου.
1814 1102 1938 1152 lllud
1983 1104 2075 1153 sibi
2109 1103 2354 1170 persuasit
2388 1102 2561 1153 Thier-

213 1194 380 1244 sebius
414 1195 597 1256 9.184,
631 1210 678 1260 p.
710 1195 785 1243 19.
836 1191 1155 1242 Aristarchea
1191 1192 1429 1260 scriptura
1462 1191 1576 1241 EM.
1621 1192 1727 1253 138,
1762 1191 1793 1240 3
1829 1192 1970 1241 utitur
2005 1191 2068 1241 ad
2102 1192 2389 1259 probandum
2425 1194 2564 1258 geni-

215 1285 358 1334 tivum
393 1285 593 1334 similem
631 1283 850 1349 ejusdem
899 1284 1112 1333 auctoris
1146 1283 1290 1345 ’Ἆρεω
1323 1283 1435 1332 ΧΧ.
1470 1285 1568 1333 485
1602 1282 1753 1338 οὕτως
1779 1281 2065 1348 Ἀρῖσταρχος
2094 1284 2170 1331 καὶ
2205 1283 2324 1331 ἔστιν
2360 1285 2455 1331 ἀπὸ
2491 1292 2569 1349 τῆς

214 1375 403 1431 εὐθείας
434 1379 517 1439 τῆς
527 1373 699 1436 Ἄρεως
729 1376 809 1422 τοῦ
833 1373 976 1436 ''Ape-:w
1008 1375 1076 1429 ὡς
1089 1372 1299 1436 Πεζοεως
1310 1374 1507 1435 Πείρεω.
1557 1372 1665 1424 Sed
1684 1380 1735 1422 et
1750 1373 1867 1422 illud
1886 1373 2083 1424 diverse
2103 1374 2376 1441 exprimitur
2398 1375 2570 1437 Ἄρεως

216 1466 320 1514 sive
345 1464 504 1526 ’Ἄρεος
535 1470 586 1514 et
622 1463 747 1528 quod
781 1462 981 1529 palmam
1017 1464 1112 1513 fert
1136 1464 1267 1528 ἀρῆς.
1316 1465 1391 1514 De
1409 1463 1597 1513 nomine
1618 1463 1822 1513 hominis
1843 1464 2027 1513 barbari
2046 1464 2161 1512 nihil
2181 1471 2401 1514 statutum
2415 1466 2568 1514 babe-

215 1572 332 1605 mus,
423 1553 566 1614 Quod
603 1554 909 1603 Duentzerus
952 1552 1144 1603 Zenod.
1196 1570 1240 1620 p.
1277 1553 1365 1614 533
1420 1553 1692 1619 suspicatur
1726 1554 1981 1603 Homerum
2014 1553 2212 1615 Πειρέος
2241 1554 2506 1622 scripsisse
2542 1572 2571 1603 a

214 1652 349 1695 recto
381 1634 579 1706 Πειρεύς·
610 1643 811 1693 omnium
845 1642 1033 1693 minime
1067 1642 1315 1709 probabile
1351 1648 1444 1692 est.
1514 1643 1627 1692 Alia
1661 1658 1971 1709 personarum
2008 1643 2346 1695 homericarum
2382 1645 2570 1697 uomina

215 1736 434 1801 ambigua
471 1733 741 1800 composuit
773 1731 1129 1784 Friedlaender
1161 1732 1209 1782 iu
1244 1733 1443 1784 Dissert
1477 1731 1538 1783 de
1573 1733 1886 1799 Homonymis
1921 1752 1965 1800 p.
1989 1735 2099 1785 542.

367 1824 555 1875 Faceta
590 1831 671 1875 est
708 1824 943 1874 Eustathii
979 1827 1261 1891 conjectura
1295 1824 1377 1885 63,
1412 1825 1468 1873 3.”
1509 1831 1559 1872 ut
1593 1829 1690 1879 σῶς
1729 1840 1793 1873 ex
1836 1826 1946 1879 σόος
1983 1826 2049 1872 ita
2094 1827 2257 1887 πρώρα
2293 1842 2357 1874 ex
2394 1826 2571 1887 προόρα

216 1915 444 1966 extitisse
482 1922 532 1966 et
566 1914 818 1981 adJuvatur
853 1913 1201 1980 quodammodo
1235 1914 1408 1964 audaci
1426 1914 1667 1981 Aeschyli
1694 1916 1969 1981 metaphora
1989 1917 2261 1982 Supp1.697
2297 1917 2371 1962 καὶ
2406 1921 2571 1977 πρῶρα

216 2007 415 2067 πρόσθεν
450 2005 644 2068 ὄμμασι»
679 2003 914 2071 βλέπουσ’,
949 2006 1056 2054 ὁδόν
1091 2004 1185 2056 sed
1222 2004 1395 2058 nemini
1431 2005 1562 2055 serio
1597 2004 1644 2053 in
1680 2012 1881 2055 mentem
1920 2006 2095 2055 veniet.
