2904 3653
1403 325 1471 373 12

246 463 292 511 in
348 470 564 514 extremo
612 466 688 510 ter
733 460 779 509 in
831 459 1015 526 Odyss.
1062 460 1169 509 sine
1216 458 1546 525 discrepantia
1582 459 1824 526 scriptum.
1894 460 2067 509 Parum
2104 476 2221 511 vero
2257 461 2380 512 inter
2415 466 2613 512 veteres

249 550 475 604 convenit
510 556 662 600 utrum
697 551 894 600 κατέκτα
929 548 1235 600 scribendum
1272 549 1337 599 sit
1372 550 1541 615 (alpha
1578 551 1840 617 producto)
1875 567 1905 599 a
1940 549 2152 600 themate
2186 553 2314 599 κτάω
2340 569 2399 601 an
2419 551 2615 616 κατέκτη

249 662 295 693 v.
328 641 389 691 ad
427 641 598 691 Buttm.
641 642 716 692 13.
751 640 1052 707 Imperfectis
1090 641 1340 690 verborum
1375 639 1776 707 reduplicatorum
1811 640 1857 689 in
1889 637 1920 708 ἦ
1956 638 2292 692 desinentibus
2313 641 2616 692 Grammatici

248 740 492 799 apponunt
543 732 877 797 imperativus,
931 748 1054 795 quos
1107 738 1285 779 vocant
1336 730 1545 780 atticos:
1598 735 1678 779 τοῦ
1722 733 1947 796 κρήμνημι
1988 732 2015 777 ὁ
2058 733 2371 791 παρατατικὸς
2411 734 2612 797 κρήμνην

246 825 424 888 κρήμνη
461 822 538 868 καὶ
575 822 626 869 τὸ
662 822 985 883 προστακτικὸν
1020 824 1199 885 κρήμνη
1234 820 1348 869 ΕΜ.
1386 821 1502 883 587,
1522 822 1601 882 34,
1638 822 1766 887 quod
1804 838 1907 870 eum
1944 820 2175 869 similibus
2211 822 2408 887 πίμπρη,
2444 824 2618 886 πᾲιπλη

247 915 306 965 ab
334 914 549 964 Homero
585 912 787 963 alienum
823 918 901 962 est
937 911 1030 961 sed
1064 912 1315 961 verborum
1355 912 1692 980 bisyllaborum
1729 930 1867 962 unum
1903 913 1995 962 hue
2031 910 2233 961 deflexit
2267 917 2322 977 τῆ
2351 913 2478 978 quod
2496 914 2619 962 anti-

248 1005 325 1071 qui
361 1003 642 1055 idemtidem
678 1021 779 1055 cum
814 1004 988 1068 πίμπλη
1025 1004 1294 1065 conserunt,
1330 1020 1487 1069 neque
1523 1003 1737 1053 omittunt
1770 1005 1964 1054 verbum
1994 1002 2373 1069 monosyllabum
2392 1006 2474 1068 ζῇν
2492 1004 2619 1070 quod

247 1095 332 1145 ille
371 1101 521 1145 totum
556 1095 768 1160 ignorat3
805 1095 901 1149 ζάω
935 1095 1033 1149 ζάει
1069 1094 1146 1142 καὶ
1174 1095 1292 1142 κατὰ
1328 1099 1487 1157 κρᾶσιν
1521 1094 1720 1158 ὂωρικὴν
1755 1096 1810 1158 ζῇ
1845 1094 1896 1142 τὸ
1932 1093 2240 1156 παρατατικὸν
2277 1091 2390 1149 ἕζαε
2424 1093 2506 1159 ἔζη
2542 1094 2618 1143 καὶ

251 1186 302 1233 τὸ
339 1185 665 1246 προστακτικὸν
700 1187 768 1248 ζῆ,
803 1187 871 1239 ὡς
891 1186 987 1231 τάω
1023 1184 1136 1232 ἕταε
1173 1191 1227 1249 τῆ
1264 1185 1383 1234 Sch.
1420 1184 1510 1234 Od.
1549 1186 1581 1232 l.
1618 1185 1731 1244 347,
1770 1184 1922 1250 Epim.
1958 1188 2001 1247 l,
2045 1186 2151 1245 181,
2188 1183 2619 1245 Schol.0d.vlll.‚

252 1278 349 1324 477
392 1276 454 1324 ef.
484 1275 647 1323 Rhem.
684 1274 748 1322 28
786 1280 837 1321 et
877 1275 984 1322 130.
1058 1276 1149 1321 Τάε
1185 1276 1253 1334 (si
1290 1276 1414 1323 haec
1450 1281 1530 1323 est
1565 1274 1881 1339 monosyllabi
1918 1275 2086 1339 origo)
2122 1274 2312 1338 fingitur
2346 1273 2474 1322 sieut
2508 1290 2621 1338 per-

255 1381 411 1415 sonae
449 1364 692 1414 secundae
729 1362 887 1412 dualis
924 1380 1046 1428 quae
1085 1365 1274 1412 usitatis
1310 1365 1357 1411 in
1394 1391 1499 1431 amp
1541 1371 1589 1411 et
1625 1365 1734 1431 ἦῖηῖ
1769 1365 2170 1431 praescribuntur.
2230 1364 2384 1432 Hujus
2416 1361 2622 1412 secundi

253 1455 457 1520 generis
492 1454 642 1520 Epim.
684 1454 715 1503 Ι.
760 1456 845 1503 191
887 1455 977 1502 tria
1012 1455 1150 1503 affert
1184 1455 1445 1503 Homerica
1480 1456 1829 1518 προσαυδήτην,
1882 1458 2120 1519 φοιτήτην,
2173 1455 2383 1518 συλήτην,
2438 1453 2620 1503 omisso

254 1552 422 1611 quarto
475 1545 769 1608 συναντήτην·
823 1559 945 1608 quae
983 1544 1291 1594 Grammatici
1345 1527 1529 1593 dorice·
1563 1545 1865 1610 pronuntiata
1919 1543 2083 1595 dieunt
2134 1545 2207 1594 sic
2251 1550 2300 1594 nt
2345 1545 2485 1608 ὁρῆτο
2530 1560 2616 1610 pro

253 1640 397 1699 ὁρᾶτο
433 1654 475 1685 v.
512 1635 713 1684 Elemm.
746 1633 861 1683 378.
926 1633 1039 1684 Sed
1074 1634 1198 1684 haec
1234 1635 1384 1684 missa
1419 1634 1637 1684 facimus.

427 1724 611 1790 [Adde.
647 1723 709 1774 de
746 1726 799 1773 ln
838 1722 1181 1775 Choerobosei
1217 1726 1328 1775 loco
1366 1742 1511 1792 supra
1545 1731 1753 1776 tractato
1799 1726 1961 1790 ταρίχη
2005 1726 2080 1773 καὶ
2117 1727 2232 1792 πύλη
2269 1752 2333 1762 -
2368 1726 2607 1789 ἀμφότερα

251 1817 432 1880 θηλυκά
466 1844 531 1851 -
564 1814 625 1864 ad
668 1817 995 1880 conjecturam
1040 1816 1302 1881 proximum
1339 1823 1418 1866 est
1455 1816 1510 1863 τὰ
1539 1817 1667 1880 ροίχη
1702 1815 1753 1864 id
1788 1824 1866 1865 est-
1896 1817 2047 1879 ῥάχεε
2082 1814 2130 1864 id
2168 1822 2245 1866 est
2282 1815 2405 1865 duae
2443 1816 2611 1881 spinae

253 1905 473 1967 montis]
