2904 3653
477 1227 572 1294 De
619 1222 907 1294 vocalium
957 1223 1322 1293 diversarum
1379 1250 1451 1293 ex
1510 1223 1739 1293 duabus
1798 1223 2041 1318 syllabis
2098 1228 2153 1295 in
2205 1253 2379 1296 unam

1241 1337 1602 1407 confusione.

406 1635 445 1682 l.
497 1609 694 1682 Primo
737 1632 850 1682 loco
895 1631 1243 1682 memorandum
1285 1637 1365 1682 est
1399 1630 1543 1698 alpha
1576 1631 1855 1698 privativum
1891 1648 1996 1683 cum
2032 1632 2190 1700 epsilo
2228 1639 2519 1683 contractum
2558 1635 2603 1681 in

248 1723 495 1791 adjectivo
538 1722 710 1781 ἀέκων,
764 1737 856 1786 quo
893 1723 1134 1770 Homerus
1171 1737 1257 1787 per
1293 1737 1459 1771 omnes
1496 1737 1645 1772 casus
1680 1727 1732 1771 et
1766 1738 1988 1772 numeros
2025 1722 2219 1773 circiter
2255 1721 2427 1772 decies
2462 1724 2605 1773 utitur

248 1814 339 1864 sed
379 1813 572 1863 diverse
605 1812 739 1877 fingit
774 1813 820 1861 in
858 1812 986 1860 duali
1022 1814 1085 1860 τὼ
1120 1811 1248 1859 δὀὐκ
1279 1811 1443 1860 ἄκοντε
1479 1812 1723 1877 πετέσθην,
1756 1829 1842 1878 pro
1878 1829 1970 1878 quo
2000 1812 2142 1862 codd.
2168 1813 2376 1862 nonnulli
2412 1813 2602 1861 ἀέκοντε

244 1905 501 1971 praebent,
550 1902 689 1967 idque
725 1901 947 1968 Heynius
985 1902 1252 1968 ssentlejum
1288 1918 1501 1967 sequens
1538 1920 1581 1951 v·
1609 1902 1708 1952 366
1741 1903 1914 1968 ubique
1950 1902 2097 1952 scribi
2122 1904 2262 1968 jubet
2298 1903 2389 1952 sed
2425 1903 2602 1969 impro-

245 1996 410 2056 batur3
466 1993 730 2042 femininum
765 1992 967 2051 ἄκουσα,
1015 1992 1142 2057 quod
1177 1992 1224 2041 in
1262 1993 1319 2041 H.
1355 1992 1404 2040 in
1447 1991 1561 2043 Cer.
1597 2008 1790 2043 versum
1823 1993 2041 2054 inchoat,
2079 1992 2292 2042 Vossius
2327 1993 2600 2043 Atticismis

245 2085 388 2148 hujus
443 2089 614 2147 poetae
666 2081 957 2131 adnumerat.
1044 2080 1231 2131 Eadem
1282 2081 1518 2148 particula
1568 2098 1692 2131 sono
1737 2081 1878 2132 modo
1924 2082 2237 2147 cognoscitur
2270 2083 2317 2131 iu
2353 2081 2599 2148 adjectivo

243 2172 371 2238 quod
408 2171 707 2221 Herodianus
744 2171 805 2221 de
852 2170 1079 2220 Dichron.
1117 2172 1231 2231 297,
1266 2174 1330 2222 20
1366 2171 1547 2236 attigit:
1602 2172 1652 2220 τὸ
1697 2172 1843 2234 ἀργός
1879 2172 2190 2234 ἐκτεινόμενον
2225 2172 2282 2219 ἐκ
2316 2175 2394 2219 τοῦ
2430 2173 2603 2234 ἀεργύς

243 2266 340 2311 ἐστι
377 2262 769 2325 σοναληλιμμένον,
813 2260 906 2311 sed
942 2261 1153 2310 Homero
1188 2261 1401 2326 ignotum
1437 2268 1528 2311 est.
1598 2261 1724 2311 Post
1757 2260 1883 2312 hunc
1917 2261 1963 2310 in
2000 2262 2157 2312 lucem
2194 2262 2389 2311 emersit
2426 2262 2596 2312 eodem

243 2351 386 2402 modo
442 2351 745 2417 compositum
799 2351 916 2414 ἀχήν
963 2357 1038 2409 (ut
1074 2351 1248 2415 ἀπτήν)
1295 2350 1507 2401 Theocr.
1541 2350 1668 2400 unde
1704 2351 1986 2417 Hesychius
2031 2350 2378 2401 substantivum
2432 2352 2597 2415 ἀχηνία

241 2441 419 2508 repetit
471 2440 561 2489 sed
596 2442 891 2489 Hermannus
939 2440 1000 2488 ad
1038 2441 1208 2504 Agam.
1247 2441 1359 2488 401.
1406 2441 1581 2489 refutat
1616 2457 1677 2490 eo
1713 2440 1840 2506 quod
1876 2441 1991 2490 illud
2029 2441 2173 2508 alpha
2208 2441 2400 2504 longum
2437 2442 2596 2500 habet⁷

240 2539 291 2581 et
325 2530 438 2580 mihi
475 2545 656 2593 quoque
691 2531 858 2595 ἀχηνία
895 2529 1101 2596 simplex
1136 2529 1324 2579 videtur
1357 2536 1408 2579 ut
1442 2531 1661 2594 ἀχάνεια,
1713 2531 1897 2596 quicum
1941 2548 2035 2581 non
2087 2532 2255 2580 literas
2309 2530 2459 2580 solum
2505 2532 2594 2579 ali-

240 2638 360 2686 quas
414 2625 464 2669 ut
517 2619 633 2682 ἀχήν
685 2636 959 2670 communes
1003 2619 1150 2669 habet
1184 2618 1277 2669 sed
1312 2619 1453 2670 etiam
1490 2620 1807 2686 significatum
1842 2620 2113 2670 vacuitatis.
2201 2618 2422 2685 Simplex
2457 2619 2594 2668 ἆθλον

240 2711 417 2776 legitur
450 2709 498 2757 in
535 2708 662 2774 pede
697 2711 841 2774 primo
875 2709 1102 2759 od.V111.
1133 2710 1235 2758 160.
1272 2709 1406 2760 libris
1442 2710 1843 2775 conspirantibus,
1879 2709 1971 2759 sed
1989 2708 2299 2758 Muetzellius
2318 2709 2377 2757 ad
2399 2710 2589 2775 Theog.

240 2820 281 2867 p.
319 2803 384 2850 40
436 2800 549 2848 hinc
602 2799 766 2846 ἄεθλον
817 2800 998 2865 profert
1042 2815 1130 2864 per
1165 2799 1416 2863 synizesin
1452 2798 1673 2863 idemque
1709 2799 1766 2847 ll.
1800 2797 1986 2847 XXlV.
2022 2797 2119 2847 734
2152 2798 2320 2863 probat
2355 2799 2592 2848 ἀεθλεύων

240 2892 364 2956 quod
399 2891 610 2940 VVolfius
658 2891 878 2956 praetulit
929 2896 1180 2940 contracto
1219 2896 1267 2937 et
1304 2889 1585 2938 Boeckhius
1631 2905 1818 2954 quoque
1853 2888 1901 2936 in
1936 2888 2072 2937 Nott.
2108 2886 2227 2938 Crit.
2264 2888 2337 2938 01.
2378 2889 2472 2939 Vll.
2510 2892 2590 2941 63.

240 2982 446 3031 Pindaro
500 2990 548 3031 et
600 2981 695 3046 hoc
747 2979 957 3030 vindicat
1002 2988 1053 3031 et
1096 2979 1269 3029 similia
1305 2979 1471 3038 ἀέκων,
1507 2980 1713 3041 φαεννός.
1784 2980 1922 3030 Haec
1958 2986 2006 3028 et
2042 2987 2207 3029 cetera
2243 2980 2587 3030 contractionis

242 3073 459 3138 exempla
495 3070 837 3122 Callimachum
889 3073 1135 3121 verborum
1192 3087 1417 3119 uovorum
1473 3076 1767 3136 captatorem
1803 3071 2073 3137 pellexisse
2109 3070 2330 3119 videntur
2366 3080 2415 3118 ut
2450 3071 2587 3121 vices

242 3168 447 3212 verteret
498 3168 639 3227 atque
692 3162 822 3224 ἅμμα
870 3160 1144 3228 diffingeret
1189 3160 1236 3210 in
1274 3160 1432 3224 ἄεμμα
1466 3159 1660 3210 insolita
1694 3160 1852 3227 utique
1889 3160 2066 3228 dialysi
2099 3176 2234 3210 usus.
2320 3160 2586 3211 Atticorum

242 3251 515 3316 scriptorum
568 3270 656 3302 usu
711 3253 1005 3302 celebratum
1061 3260 1139 3302 est
1183 3251 1458 3302 adverbium
1496 3251 1643 3316 ἄρδην
1677 3258 1725 3300 et
1759 3251 1808 3299 id
1843 3252 1985 3318 alpha
2018 3258 2070 3300 ut
2103 3250 2409 3300 Herodianus
2444 3253 2585 3301 tradit
