2904 3653
1413 262 1469 313 11

272 394 437 446 Dichr.
472 396 584 443 295.
637 391 872 463 producto
923 394 1005 444 vel
1055 394 1104 443 vi
1136 395 1311 457 ‚erasis
1362 396 1442 446 vel
1494 397 1555 445 ab
1606 402 1736 458 ortu,
1788 396 2022 461 siquidem
2064 413 2093 445 a·
2129 392 2339 447 themate
2374 410 2619 464 macropa-

272 484 457 534 ralecto
494 481 762 552 derivatum
796 489 898 545 est,
951 498 1074 548 quae
1110 482 1340 535 dubitatio
1375 486 1516 536 etiam
1554 485 1616 534 ad
1651 484 1942 550 adjectivum
1978 485 2203 546 ἀρσίπους
2234 485 2341 536 sive
2374 486 2624 548 ἀερσίπους

272 572 492 640 pertinet.
581 572 659 624 Ab
712 571 882 624 eadem
935 573 1086 640 stirpe
1137 573 1403 641 profectum
1455 582 1534 625 est
1585 574 1819 638 ἀερτάζω,
1872 591 1963 640 quo
2010 582 2272 642 etymorum
2316 578 2627 642 conjectores

273 667 463 713 utuntur
506 661 567 711 ad
619 661 954 729 explicandum
996 679 1167 715 nomen
1203 664 1413 730 Λαέρτης
1444 664 1539 714 hoc
1575 672 1654 714 est
1687 667 1714 713 ὁ
1749 668 1866 720 λᾶας
1897 665 2157 726 ἀερτάζων,
2208 664 2337 730 quod
2370 671 2633 719 memoratu

273 751 513 817 indignum
551 752 801 812 ducerem,
835 752 927 802 nisi
962 751 1088 803 idem
1122 754 1313 816 Λάρτιος
1343 753 1587 805 diceretur
1622 754 1759 819 quasi
1804 770 1891 821 per
1925 754 2165 805 misturam
2201 772 2244 804 v.
2280 754 2358 805 ad.
2393 756 2471 820 Aj.
2507 773 2552 804 v.
2584 758 2623 805 l.

273 843 318 891 Α
372 850 508 893 recto
560 846 706 908 ὃαήρ,
759 842 886 908 quod
938 859 1042 893 cum
1076 844 1287 894 Homero
1337 844 1606 905 intercidit,
1658 844 1931 895 declinatus
1966 852 2044 895 est
2079 845 2325 910 genitivus
2362 844 2626 910 bisyllabus

274 933 459 995 δαέρων
492 934 538 983 in
573 932 805 1001 principio
840 933 1107 985 hexametri
1142 935 1194 983 ll.
1213 935 1395 986 XXIV.
1412 936 1527 987 769.
1595 935 1757 1001 Alpha
1789 935 2093 987 thematicum
2129 952 2234 985 cum
2270 934 2429 1002 epsilo
2465 934 2625 986 clitico

275 1024 513 1074 coalescit
546 1025 592 1073 in
628 1024 856 1073 infinitivo
893 1025 1026 1074 verbi
1060 1026 1286 1091 bisyllabi
1320 1026 1486 1088 ἄμεναι
1521 1025 1718 1086 satiare,
1753 1025 1879 1089 quod
1901 1025 2189 1076 Eustathius
2224 1042 2475 1092 perperam
2509 1042 2628 1090 syn-

275 1130 429 1180 copae
475 1114 655 1174 tribnit3
708 1114 819 1164 huic
862 1114 1004 1164 affine
1050 1116 1241 1164 verbum
1294 1114 1558 1165 dormiendi
1610 1130 1695 1180 pro
1739 1114 1875 1165 metri
1909 1116 2094 1166 ratione
2131 1116 2340 1165 variatur
2373 1117 2512 1164 νύκτα
2542 1117 2631 1177 μὲν

279 1204 485 1268 ἀέσαμεν
536 1215 585 1254 et
638 1202 752 1252 νύκτ’
796 1204 976 1267 ἄσαμεν
1018 1223 1063 1254 v.
1098 1204 1355 1255 Thiersch.
1391 1211 1436 1263 s.
1478 1207 1585 1267 168,
1621 1208 1665 1257 3.
1751 1206 1945 1255 Nomen
1980 1204 2216 1272 participii
2251 1205 2405 1256 simile
2439 1206 2630 1269 φαέθων

276 1310 305 1341 a
341 1293 499 1359 poetis
533 1294 722 1343 Latinis
758 1309 1082 1358 nonnunquam
1120 1293 1182 1342 ad
1220 1295 1501 1361 bisyllabum
1536 1294 1785 1344 reductum
1821 1300 1900 1343 est
1934 1295 2172 1360 scriptura
2206 1294 2382 1361 duplici
2409 1295 2632 1345 Phaeton

276 1390 326 1433 et
358 1384 546 1434 Pheton
582 1402 625 1431 v.
665 1384 795 1434 Cort.
833 1384 893 1432 ad
931 1384 1112 1434 Lucan.
1146 1385 1204 1433 ll.
1242 1385 1352 1435 413.
1424 1384 1618 1437 Cervae
1661 1386 1907 1452 epitheton
1955 1385 2199 1451 aeripes
2235 1384 2501 1435 Diomedes
2541 1385 2625 1434 lV.

274 1477 321 1536 5,
345 1476 438 1525 166
472 1475 590 1535 (249
625 1478 693 1539 p.)
727 1474 1124 1540 interpretatione
1160 1474 1288 1523 falsa
1321 1491 1407 1539 pro
1443 1475 1667 1540 exemplo
1702 1474 2226 1540 episynaloephae
2279 1476 2439 1535 affert,
2492 1491 2628 1539 quam

279 1580 307 1610 a
342 1562 642 1629 synaloepha
677 1562 997 1628 distinguunt,
1049 1563 1173 1612 hanc
1225 1564 1348 1612 enim
1383 1562 1546 1613 dicunt
1580 1562 1773 1612 duarum
1809 1563 2041 1613 vocalium
2079 1563 2464 1625 concursionem,
2508 1580 2632 1628 qua-

277 1670 372 1703 rum
418 1654 572 1702 altera
615 1653 807 1703 eliditur
852 1660 904 1703 ut
946 1661 1120 1718 atque
1173 1669 1262 1714 ea,
1312 1654 1396 1702 illa
1429 1670 1547 1704 vero
1583 1653 2080 1726 unamtsyllabam
2115 1653 2256 1704 fieri
2293 1671 2367 1705 ex
2400 1653 2628 1705 duabus

276 1761 434 1808 quum
470 1741 812 1809 aeripedem
849 1742 1114 1808 quinque
1150 1743 1414 1810 syllabis
1449 1742 1664 1794 dicere
1700 1742 2036 1793 debeamus.
2107 1741 2214 1794 Sed
2249 1743 2313 1794 de
2347 1745 2508 1795 verbis
2543 1743 2629 1793 ad-

268 1832 531 1899 Jiciendum
576 1840 656 1884 est
692 1833 785 1883 hoc
820 1834 1021 1900 amplius
1058 1851 1118 1884 ea
1153 1849 1274 1900 quae
1310 1833 1451 1900 alpha
1488 1835 1635 1883 breve
1667 1834 1716 1882 in
1750 1833 1896 1900 prima
1930 1833 2138 1884 habeant
2172 1835 2232 1883 ab
2269 1833 2423 1900 epicis
2455 1834 2502 1883 in
2538 1834 2628 1883 im-

276 1924 495 1990 perfecto
540 1939 644 1974 cum
687 1924 722 1978 ἐ’
756 1924 884 1973 finali
925 1941 1019 1974 non
1063 1923 1280 1974 contrahi
1323 1923 1405 1986 ἄε,
1448 1925 1557 1984 λάε,
1598 1925 1714 1988 φάε,
1750 1923 1897 1988 ἔχραε
1931 1933 2025 1974 etc.
2062 1941 2107 1973 v.
2143 1923 2310 1974 Rhem.
2354 1924 2624 1973 165—167

278 2013 368 2063 sed
405 2014 685 2063 contrarium
721 2013 825 2063 fieri
859 2013 1091 2063 derivatis
1126 2030 1247 2079 quae
1281 2013 1328 2061 in
1363 2013 1519 2062 futuro
1555 2015 1774 2063 vocalem
1807 2015 1999 2079 longam
2034 2015 2275 2079 accipiunt
2311 2014 2465 2076 ἐτίμα,
2501 2030 2624 2078 quae

276 2110 451 2170 poetae
504 2104 631 2170 epici
679 2120 908 2168 nunquam
947 2104 995 2152 in
1030 2104 1263 2169 integrum
1301 2102 1555 2152 restituunt
1588 2119 1649 2153 ne
1685 2103 1839 2153 hiatus
1876 2103 2064 2169 quidem
2100 2103 2312 2153 evitandi
2346 2104 2502 2168 gratia
2537 2120 2626 2152 ne-

278 2194 381 2243 dum
436 2193 641 2260 spondei
693 2193 917 2261 duplicati
962 2194 1043 2242 vel
1092 2193 1317 2260 triplicati
1361 2194 1532 2257 ἐτόλμα
1577 2194 1649 2241 ἐνί
1692 2222 1751 2229 ——
1792 2194 1881 2243 od.
1918 2194 2098 2243 XXlV.
2137 2196 2231 2244 162
2266 2194 2400 2257 φοίτα
2434 2195 2523 2240 ἀνά
2569 2220 2619 2226 —-

276 2285 391 2332 xm.
427 2284 525 2332 760
562 2285 739 2339 πάντας
770 2284 896 2352 ἐνίκα
931 2284 1242 2346 Καδμειώνων
1277 2282 1441 2331 ΧΧΙΠ.
1478 2285 1578 2333 680
1613 2290 1706 2333 etc.
1743 2290 1793 2332 et
1835 2284 1909 2333 sic
1955 2284 2002 2331 in
2050 2283 2231 2333 ceteris
2267 2284 2465 2332 flexibus
2502 2283 2627 2331 αὔδα

278 2376 344 2423 ὅτι
395 2374 603 2437 φρονέει,
651 2377 875 2436 μνᾶσθαι,
927 2376 1124 2435 ὁρᾶσθαι
1159 2380 1254 2423 etc.
1339 2374 1485 2424 Haec
1534 2372 1679 2439 igitur
1713 2374 1990 2423 affectorum
2023 2389 2194 2423 nomen
2231 2379 2466 2423 exuerunt
2500 2373 2628 2423 sicut

278 2464 462 2515 nomina
498 2480 683 2529 quoque
718 2465 770 2512 in
805 2465 862 2526 ξ
894 2463 940 2513 in
978 2463 1106 2513 duali
1141 2463 1300 2530 posita
1333 2463 1449 2525 κέρα
1485 2469 1535 2513 et
1569 2462 1613 2513 si
1648 2461 1758 2529 quid
1794 2462 1962 2513 simile.
2014 2463 2110 2511 Pro
2148 2462 2292 2529 alpha
2327 2462 2628 2513 consuetudo

279 2553 537 2605 communis
574 2560 654 2602 eta
688 2555 875 2621 recepit
907 2554 954 2602 in
992 2560 1189 2618 quatuor
1223 2553 1385 2603 verbis
1422 2569 1543 2618 quae
1576 2553 1626 2602 in
1660 2553 1956 2619 compendiis
1992 2562 2327 2619 proponuntur.
2396 2554 2487 2603 His
2513 2571 2626 2620 pro-

278 2646 384 2712 pria
426 2650 474 2694 et
519 2660 714 2694 meraca
747 2645 912 2694 Atthis
948 2644 1266 2693 accumulavit
1300 2645 1389 2692 tria
1424 2642 1685 2693 abradendi
1720 2650 1770 2693 et
1804 2642 2121 2707 abstergendi
2155 2645 2304 2693 verba
2337 2648 2458 2707 κνῇν,
2494 2648 2623 2707 σμῆν,

275 2736 370 2800 ᾠῇν
405 2752 447 2784 v.
484 2731 560 2782 ad.
594 2732 708 2783 Phr.
742 2735 831 2797 61,
882 2733 1094 2784 Ellendt.
1132 2733 1256 2782 Lex.
1294 2733 1355 2782 Τ.
1386 2734 1444 2782 ll.
1478 2734 1591 2782 976.
1662 2732 1839 2782 Horum
1873 2733 2065 2800 primum
2099 2733 2224 2799 apud
2261 2734 2514 2782 Homerum
2551 2734 2623 2781 le-

277 2825 404 2890 gitur
437 2823 481 2874 in
518 2821 651 2873 exitu
686 2831 861 2874 versus
896 2824 1106 2874 XL639.
1145 2823 1223 2871 ἐπὶ
1256 2821 1298 2871 δ’
1333 2821 1504 2885 αἴγειον
1540 2827 1621 2888 κνῆ
1657 2825 1804 2886 τυρόν,
1839 2839 1923 2889 pro
1960 2839 2052 2889 quo
2070 2823 2385 2874 Aristarchus
2421 2824 2466 2872 in
2495 2822 2618 2872 Edd.

277 2915 503 2966 alterutra
538 2913 643 2963 κνέε
676 2914 839 2980 posuit
872 2915 954 2964 vel
989 2913 1238 2982 spondeos
1273 2912 1548 2976 fastidiens,
1582 2914 1662 2965 vel
1699 2914 1805 2980 quia
1823 2915 2033 2965 Homero
2070 2914 2308 2981 ejusmodi
2342 2915 2621 2981 imperfecta

277 3005 403 3055 nulla
447 3002 744 3055 concederet
785 3005 878 3054 nisi
915 3006 1159 3055 verborum
1202 3003 1248 3053 in
1283 3005 1341 3069 ἦ
1384 3020 1639 3070 eorumque
1675 3021 1794 3070 quae
1830 3003 1954 3056 inter
1988 3005 2109 3056 duas
2145 3006 2510 3071 conjugationes
2547 3002 2622 3053 di-

279 3093 385 3143 visa
420 3102 554 3156 sunt;
592 3097 728 3160 cujus
764 3096 964 3160 generis
999 3113 1136 3144 unum
1171 3095 1370 3161 praebet
1405 3096 1641 3144 Homerus
1677 3095 1804 3160 κίρνη
1838 3095 1884 3143 in
1922 3095 2079 3145 medio
2115 3112 2259 3146 versu
2280 3095 2369 3146 od.
2391 3095 2621 3145 xlv.7s.

283 3183 362 3231 ubi
396 3183 591 3236 Ernest.
628 3185 679 3233 in
717 3186 785 3234 al.
809 3186 965 3253 ,κιζονοᾳ
1000 3194 1049 3236 et
1084 3186 1217 3236 XVI.
1255 3187 1317 3235 52
1355 3186 1536 3251 quicum
1573 3186 1797 3236 convenit
1833 3187 1963 3234 πίτνα
1997 3186 2051 3235 ΙΙ.
2072 3187 2200 3235 ΧΧΙ.
2226 3189 2278 3235 11
2319 3187 2471 3248 ἐκιζονα
2505 3202 2625 3236 vero
